@article{revercomb1988radiometric,
	title={Radiometric calibration of IR Fourier transform spectrometers: solution to a problem with the High-Resolution Interferometer Sounder},
	author={Revercomb, Henry E and Buijs, Henry and Howell, Hugh B and LaPorte, Dan D and Smith, William L and Sromovsky, LA},
	journal={Applied Optics},
	volume={27},
	number={15},
	pages={3210--3218},
	year={1988},
	publisher={Optica Publishing Group}
}